@electronic{SonsOfTone2014,
 author   = {Antoine},
 title     = {RaspberrIPCam Full HD IP Camera based on Raspberry Pi},
 url       = {http://www.sonsoftone.com/?page_id=287}
}
